@ARTICLE{
	biometrics-comparison,
	author="Himanshu Srivastava",
	title="A Comparison Based Study on Biometrics for Human Recognition",
	journal="IOSR Journal of Computer Engineering",
	year="2013",
	volume="15(1)",
	pages="22-29"
}